%% Wikipedia
@online{400,
	author = {Wikipedia},
	title = {DirectX, DirectShow},
	date = {26.5.2017},
	url = {https://de.wikipedia.org/wiki/DirectX},
}
%% Microsoft
@online{500,
	author = {Microsoft},
	title = {MS DirectShow},
	date = {24.05.2017},
	url = {https://msdn.microsoft.com/de-de/library/windows/desktop/dd375470(v=vs.85).aspx},
}

@online{501,
	author = {Microsoft},
	title = {About DirectShow Filters},
	date = {24.5.2017},
	url = {https://msdn.microsoft.com/en-us/library/windows/desktop/dd373390(v=vs.85).aspx},
}

@online{502,
	author = {Microsoft},
	title = {About the Filter Graph Manager},
	date = {24.5.2017},
	url = {https://msdn.microsoft.com/en-us/library/windows/desktop/dd373399(v=vs.85).aspx},
}
@online{503,
	author = {Microsoft},
	title = {About Media Types},
	date = {24.5.2017},
	url = {https://msdn.microsoft.com/en-us/library/windows/desktop/dd373394(v=vs.85).aspx},
}
@online{504,
	author = {Microsoft},
	title = {Constants and GUIDs, Merit},
	date = {26.5.2017},
	url = {https://msdn.microsoft.com/en-us/library/windows/desktop/dd390674(v=vs.85).aspx},
}
